@book{wasserman,
  author = {Wasserman},
  year = {2004},
  title = {All of Statistics: A Concise Course in Statistical Inference},
  publisher = {Springer}
}

@book{matrix,
  title = {The Matrix Cookbook},
  author = {Petersen, Kaare Brandt and Pedersen, Michael Syskind},
  year = {2012},
  publisher = {N/A},

}
@book{wackerly,
  title = {Mathematical Statistics with Applications},
  author = {Wackerly, Dennis D. and Mendenhall, William and Scheaffer, Richard L.},
  year = {2008},
  publisher = {Thomson Brooks/Cole}

}