@misc{npm,
	author = {Eduardo García-Portugués},
	title = {5.5 {D}eviance | {N}otes for {P}redictive {M}odeling --- bookdown.org},
	year = {},
	note = {[Accessed 12-03-2025]},
}

@misc{glmnet,
	author = {Hastie, Trevor and Qian, Junyang and Tay, J. Kenneth},
	title = {{A}n {I}ntroduction to `glmnet` --- glmnet.stanford.edu},
	year = {},
	note = {[Accessed 12-03-2025]},
}

@article{Tay2023,
  title = {Elastic Net Regularization Paths for All Generalized Linear Models},
  volume = {106},
  ISSN = {1548-7660},
  url = {http://dx.doi.org/10.18637/jss.v106.i01},
  DOI = {10.18637/jss.v106.i01},
  number = {1},
  journal = {Journal of Statistical Software},
  publisher = {Foundation for Open Access Statistic},
  author = {Tay,  J. Kenneth and Narasimhan,  Balasubramanian and Hastie,  Trevor},
  year = {2023}
}